@inproceedings{
author={Daengsi,T. and Wuttidittachotti,P. and Pornpongtechavanich,P. and Utakrit,N.},
editor={ },
year={2021},
title={A comparative study of cybersecurity awareness on phishing among employees from different departments in an organization},
booktitle={2021 2nd International Conference on Smart Computing and Electronic Enterprise: Ubiquitous, Adaptive, and Sustainable Computing Solutions for New Normal, ICSCEE 2021},
pages={102-106},
note={Cited By :7},
language={English},
url={www.scopus.com},
}